# BOOKS BOOKS BOOKS BOOKS BOOKS BOOKS BOOKS BOOKS BOOKS BOOKS BOOKS BOOKS BOOKS

@book{CleanCode,
  author    = {Robert C. Martin},
  editor    = {},
  publisher = {Helion},
  title     = {{Czysty Kod -- Podręcznik dobrego programisty}},
  year      = {2014}
},
@book{DeepLearningWithPyTorch,
  author         = {Luca Pietro Giovanni Antiga, Thomas Viehmann, Eli Stevens},
  publisher      = {Manning Publications},
  title          = {Deep Learning with PyTorch},
  year           = {2020}
},
@book{PythonForDataAnalysis,
  author         = {Wes McKinney},
  publisher      = {O'Reilly Media, Inc.},
  title          = {Python for Data Analysis, 3rd Edition},
  year           = {2021}
},
@book{SciPyAndNumPy,
  author         = {Eli Bressert},
  publisher      = {O'Reilly Media, Inc.},
  title          = {SciPy and NumPy},
  year           = {2012}
},
@book{Matplotlib30Cookbook,
  author         = {Srinivasa Rao Poladi},
  publisher      = {Packt Publishing},
  title          = {Matplotlib 3.0 Cookbook},
  year           = {2018}
}

# ARTICLES ARTICLES ARTICLES ARTICLES ARTICLES ARTICLES ARTICLES ARTICLES ARTICLES
@article{HistoriaPythona,
  author       = {Adam Zamczała},
  title        = {Python ma już 30 lat! Od czego wszystko się zaczęło?},
  year         = {2021},
  howpublished = {\url{https://geek.justjoin.it/historia-pythona}}
},

# WEBSTIES WEBSTIES WEBSTIES WEBSTIES WEBSTIES WEBSTIES WEBSTIES WEBSTIES WEBSTIES
@misc{WikiepdiaPythonProgrammingLanauge,
  author       = {Wikipedia},
  title        = {Python (programming language)},
  howpublished = {\url{https://en.wikipedia.org/wiki/Python_(programming_language)}}
},
@misc{PyTorchWebSite,
  howpublished = {\url{https://pytorch.org/docs/stable/index.html}},
  title        = {PyTorch},
  year         = {2022}
},
@misc{WikipediaNumPy,
  howpublished = {\url{https://en.wikipedia.org/wiki/NumPy}},
  title        = {NumPy},
  year         = {2022}
},
@misc{WikiepdiaMatplotlib,
  howpublished = {\url{https://en.wikipedia.org/wiki/Matplotlib}},
  title        = {Matplotlib},
  year         = {2022}
},
@misc{MatplotlibDocumentation,
  howpublished = {\url{https://matplotlib.org/stable/users/index}},
  title        = {Users guide},
  year         = {2022}
},
@misc{NumPyManual,
  howpublished = {\url{https://numpy.org/doc/stable/}},
  title        = {NumPy Manual},
  year         = {2022}
}